@inproceedings{zarrabi2009streaming,
  title={Streaming 1-Center with Outliers in High Dimensions.},
  author={Zarrabi-Zadeh, Hamid and Mukhopadhyay, Asish},
  booktitle={CCCG},
  pages={83--86},
  year={2009}
}

@article{ahn2014computing,
  title={COMPUTING k CENTERS OVER STREAMING DATA FOR SMALL k},
  author={Ahn, Hee-Kap and Kim, Hyo-Sil and Kim, Sang-Sub and Son, Wanbin},
  journal={International Journal of Computational Geometry \& Applications},
  volume={24},
  number={02},
  pages={107--123},
  year={2014},
  publisher={World Scientific}
}

@inproceedings{agarwal2010streaming,
  title={Streaming algorithms for extent problems in high dimensions},
  author={Agarwal, Pankaj K and Sharathkumar, R},
  booktitle={Proceedings of the twenty-first annual ACM-SIAM symposium on Discrete Algorithms},
  pages={1481--1489},
  year={2010},
  organization={Society for Industrial and Applied Mathematics}
}

@article{chan2014streaming,
  title={Streaming and dynamic algorithms for minimum enclosing balls in high dimensions},
  author={Chan, Timothy M and Pathak, Vinayak},
  journal={Computational Geometry},
  volume={47},
  number={2},
  pages={240--247},
  year={2014},
  publisher={Elsevier}
}

@incollection{kim2014improved,
  title={An Improved Data Stream Algorithm for Clustering},
  author={Kim, Sang-Sub and Ahn, Hee-Kap},
  booktitle={LATIN 2014: Theoretical Informatics},
  pages={273--284},
  year={2014},
  publisher={Springer}
}

@inproceedings{charikar2001algorithms,
  title={Algorithms for facility location problems with outliers},
  author={Charikar, Moses and Khuller, Samir and Mount, David M and Narasimhan, Giri},
  booktitle={Proceedings of the twelfth annual ACM-SIAM symposium on Discrete algorithms},
  pages={642--651},
  year={2001},
  organization={Society for Industrial and Applied Mathematics}
}

@book{edelsbrunner1987algorithms,
  title={Algorithms in combinatorial geometry},
  author={Edelsbrunner, Herbert},
  volume={10},
  year={1987},
  publisher={Springer Science \& Business Media}
}

@book{aggarwal2007data,
  title={Data streams: models and algorithms},
  author={Aggarwal, Charu C},
  volume={31},
  year={2007},
  publisher={Springer Science \& Business Media}
}

@misc{bern1996approximation,
  title={Approximation Algorithms for Geometric Problems. In" Approximation Algorithms for NP-Complete Problems", D. Hochbaum},
  author={Bern, M and Eppstein, D},
  year={1996},
  publisher={PWS Publications}
}

@article{gonzalez1985clustering,
  title={Clustering to minimize the maximum intercluster distance},
  author={Gonzalez, Teofilo F},
  journal={Theoretical Computer Science},
  volume={38},
  pages={293--306},
  year={1985},
  publisher={Elsevier}
}

@article{chazelle1996linear,
  title={On linear-time deterministic algorithms for optimization problems in fixed dimension},
  author={Chazelle, Bernard and Matou{\v{s}}ek, Ji{\v{r}}{\i}ÃÅ},
  journal={Journal of Algorithms},
  volume={21},
  number={3},
  pages={579--597},
  year={1996},
  publisher={Elsevier}
}

@article{chan1999more,
  title={More planar two-center algorithms},
  author={Chan, Timothy M},
  journal={Computational Geometry},
  volume={13},
  number={3},
  pages={189--198},
  year={1999},
  publisher={Elsevier}
}

@inproceedings{guha2009tight,
  title={Tight results for clustering and summarizing data streams},
  author={Guha, Sudipto},
  booktitle={Proceedings of the 12th International Conference on Database Theory},
  pages={268--275},
  year={2009},
  organization={ACM}
}

@incollection{mccutchen2008streaming,
  title={Streaming algorithms for k-center clustering with outliers and with anonymity},
  author={McCutchen, Richard Matthew and Khuller, Samir},
  booktitle={Approximation, Randomization and Combinatorial Optimization. Algorithms and Techniques},
  pages={165--178},
  year={2008},
  publisher={Springer}
}

@inproceedings{chan2004faster,
  title={Faster core-set constructions and data stream algorithms in fixed dimensions},
  author={Chan, Timothy M},
  booktitle={Proceedings of the twentieth annual symposium on Computational geometry},
  pages={152--159},
  year={2004},
  organization={ACM}
}

@article{matouvsek1995geometric,
  title={On geometric optimization with few violated constraints},
  author={Matou{\v{s}}ek, Ji{\v{r}}{\'\i}},
  journal={Discrete \& Computational Geometry},
  volume={14},
  number={1},
  pages={365--384},
  year={1995},
  publisher={Springer}
}

@incollection{agarwal2008efficient,
  title={An efficient algorithm for 2D Euclidean 2-center with outliers},
  author={Agarwal, Pankaj K and Phillips, Jeff M},
  booktitle={Algorithms-ESA 2008},
  pages={64--75},
  year={2008},
  publisher={Springer}
}

@incollection{mccutchen2008streaming,
  title={Streaming algorithms for k-center clustering with outliers and with anonymity},
  author={McCutchen, Richard Matthew and Khuller, Samir},
  booktitle={Approximation, Randomization and Combinatorial Optimization. Algorithms and Techniques},
  pages={165--178},
  year={2008},
  publisher={Springer}
}

@inproceedings{agarwal2007space,
  title={A space-optimal data-stream algorithm for coresets in the plane},
  author={Agarwal, Pankaj K and Yu, Hai},
  booktitle={Proceedings of the twenty-third annual symposium on Computational geometry},
  pages={1--10},
  year={2007},
  organization={ACM}
}

@article{zarrabi2011almost,
  title={An almost space-optimal streaming algorithm for coresets in fixed dimensions},
  author={Zarrabi-Zadeh, Hamid},
  journal={Algorithmica},
  volume={60},
  number={1},
  pages={46--59},
  year={2011},
  publisher={Springer}
}
